%YAML 1.1
%TAG !u! tag:unity3d.com,2011:
--- !u!114 &11400000
MonoBehaviour:
  m_ObjectHideFlags: 0
  m_PrefabParentObject: {fileID: 0}
  m_PrefabInternal: {fileID: 0}
  m_GameObject: {fileID: 0}
  m_Enabled: 1
  m_EditorHideFlags: 0
  m_Script: {fileID: 337831424, guid: 6a10b2909283487f913b00d94cd3faf5, type: 3}
  m_Name: MasterTimeLineTimeline
  m_EditorClassIdentifier: 
  m_NextId: 0
  m_Tracks:
  - {fileID: 114551122898338064}
  - {fileID: 114814991919964122}
  - {fileID: 114750562307082238}
  - {fileID: 114488950107880648}
  - {fileID: 114900873464414092}
  - {fileID: 114788421663032152}
  - {fileID: 114585019504222104}
  - {fileID: 114385640922911124}
  - {fileID: 114988876305027554}
  - {fileID: 114180791258942126}
  - {fileID: 114956594385494830}
  - {fileID: 114670271240312828}
  - {fileID: 114854053234110102}
  - {fileID: 114107397840407802}
  - {fileID: 114203605244764972}
  - {fileID: 114510659598477008}
  m_FixedDuration: 0
  m_EditorSettings:
    m_Framerate: 60
  m_DurationMode: 0
--- !u!74 &74762107080237736
AnimationClip:
  m_ObjectHideFlags: 0
  m_PrefabParentObject: {fileID: 0}
  m_PrefabInternal: {fileID: 0}
  m_Name: Recorded
  serializedVersion: 6
  m_Legacy: 0
  m_Compressed: 0
  m_UseHighQualityCurve: 1
  m_RotationCurves: []
  m_CompressedRotationCurves: []
  m_EulerCurves:
  - curve:
      serializedVersion: 2
      m_Curve:
      - serializedVersion: 2
        time: 10.066667
        value: {x: 345.6323, y: 354.5012, z: 1.522338}
        inSlope: {x: 0, y: 0, z: 0}
        outSlope: {x: 0, y: 0, z: 0}
        tangentMode: 0
      - serializedVersion: 2
        time: 12.433333
        value: {x: 362.9511, y: 270.0645, z: 16.10896}
        inSlope: {x: 3.2675037, y: -8.576568, z: 0}
        outSlope: {x: 3.2675037, y: -8.576568, z: 0}
        tangentMode: 0
      - serializedVersion: 2
        time: 17.916666
        value: {x: 371.2822, y: 253.233, z: 15.48266}
        inSlope: {x: 0, y: 0, z: 0}
        outSlope: {x: 0, y: 0, z: 0}
        tangentMode: 0
      - serializedVersion: 2
        time: 28.133333
        value: {x: 358.0963, y: 284.5773, z: 15.56863}
        inSlope: {x: -1.7578924, y: 7.3245053, z: 0}
        outSlope: {x: -1.7578924, y: 7.3245053, z: 0}
        tangentMode: 0
      - serializedVersion: 2
        time: 32.833332
        value: {x: 345.0603, y: 362.4902, z: -0.6899757}
        inSlope: {x: -0.3622775, y: 0, z: 0}
        outSlope: {x: -0.3622775, y: 0, z: 0}
        tangentMode: 0
      - serializedVersion: 2
        time: 43.433334
        value: {x: 343.6746, y: 361.254, z: -0.3474464}
        inSlope: {x: 0, y: 0, z: 0}
        outSlope: {x: 0, y: 0, z: 0}
        tangentMode: 0
      - serializedVersion: 2
        time: 48.133335
        value: {x: 360.1998, y: 442.8615, z: -15.9722}
        inSlope: {x: 1.681422, y: 7.4224443, z: 0}
        outSlope: {x: 1.681422, y: 7.4224443, z: 0}
        tangentMode: 0
      - serializedVersion: 2
        time: 58.35
        value: {x: 368.7558, y: 471.9721, z: -14.90647}
        inSlope: {x: 0.3604267, y: 5.432325, z: 0.2524928}
        outSlope: {x: 0.3604267, y: 5.432325, z: 0.2524928}
        tangentMode: 0
      - serializedVersion: 2
        time: 65.01667
        value: {x: 370.2771, y: 534.5773, z: -1.508399}
        inSlope: {x: 0.18596302, y: 6.438644, z: 1.503178}
        outSlope: {x: 0.18596302, y: 6.438644, z: 1.503178}
        tangentMode: 0
      - serializedVersion: 2
        time: 74.433334
        value: {x: 371.7467, y: 575.527, z: 9.269647}
        inSlope: {x: 0, y: 8.686506, z: 1.3027368}
        outSlope: {x: 0, y: 8.686506, z: 1.3027368}
        tangentMode: 0
      - serializedVersion: 2
        time: 77.96667
        value: {x: 355.0901, y: 647.0675, z: 15.36204}
        inSlope: {x: -2.9950516, y: 13.87174, z: 0}
        outSlope: {x: -2.9950516, y: 13.87174, z: 0}
        tangentMode: 0
      - serializedVersion: 2
        time: 83.46667
        value: {x: 344.6914, y: 700.835, z: 5.219797}
        inSlope: {x: 0, y: 10.668823, z: -2.0015163}
        outSlope: {x: 0, y: 10.668823, z: -2.0015163}
        tangentMode: 0
      - serializedVersion: 2
        time: 93.666664
        value: {x: 364.6424, y: 814.568, z: -16.06176}
        inSlope: {x: 0, y: 0.7986509, z: 0}
        outSlope: {x: 0, y: 0.7986509, z: 0}
        tangentMode: 0
      - serializedVersion: 2
        time: 103.48333
        value: {x: 358.8131, y: 818.5646, z: -15.93499}
        inSlope: {x: 0, y: 0, z: 0}
        outSlope: {x: 0, y: 0, z: 0}
        tangentMode: 0
      m_PreInfinity: 2
      m_PostInfinity: 2
      m_RotationOrder: 4
    path: 
  m_PositionCurves:
  - curve:
      serializedVersion: 2
      m_Curve:
      - serializedVersion: 2
        time: 0
        value: {x: -0.000061035156, y: 0, z: 0.000061035156}
        inSlope: {x: 0, y: 0, z: 0}
        outSlope: {x: 0, y: 0, z: 0}
        tangentMode: 0
      - serializedVersion: 2
        time: 10.066667
        value: {x: -45.53766, y: 102.07649, z: 377.41187}
        inSlope: {x: -7.612325, y: 7.239, z: 14.049691}
        outSlope: {x: -7.612325, y: 7.239, z: 14.049691}
        tangentMode: 0
      - serializedVersion: 2
        time: 12.433333
        value: {x: -94.64664, y: 124.57771, z: 421.083}
        inSlope: {x: -17.545105, y: 0, z: 0}
        outSlope: {x: -17.545105, y: 0, z: 0}
        tangentMode: 0
      - serializedVersion: 2
        time: 17.916666
        value: {x: -183.26672, y: 111.479416, z: 392.67126}
        inSlope: {x: -22.578367, y: -1.212685, z: 0}
        outSlope: {x: -22.578367, y: -1.212685, z: 0}
        tangentMode: 0
      - serializedVersion: 2
        time: 28.133333
        value: {x: -486.0694, y: 105.53856, z: 392.96106}
        inSlope: {x: -26.658451, y: 0, z: 0.07771037}
        outSlope: {x: -26.658451, y: 0, z: 0.07771037}
        tangentMode: 0
      - serializedVersion: 2
        time: 32.833332
        value: {x: -585.4832, y: 120.87224, z: 435.18567}
        inSlope: {x: 0, y: 4.0088043, z: 11.039113}
        outSlope: {x: 0, y: 4.0088043, z: 11.039113}
        tangentMode: 0
      - serializedVersion: 2
        time: 43.433334
        value: {x: -579.7174, y: 193.79762, z: 703.05493}
        inSlope: {x: 1.5074005, y: 1.8962302, z: 6.846116}
        outSlope: {x: 1.5074005, y: 1.8962302, z: 6.846116}
        tangentMode: 0
      - serializedVersion: 2
        time: 48.133335
        value: {x: -543.1403, y: 201.0507, z: 729.24133}
        inSlope: {x: 9.808383, y: 1.6023655, z: 5.0798745}
        outSlope: {x: 9.808383, y: 1.6023655, z: 5.0798745}
        tangentMode: 0
      - serializedVersion: 2
        time: 58.35
        value: {x: -257.23685, y: 217.69957, z: 778.8297}
        inSlope: {x: 11.36285, y: 0, z: 0}
        outSlope: {x: 11.36285, y: 0, z: 0}
        tangentMode: 0
      - serializedVersion: 2
        time: 65.01667
        value: {x: -209.27615, y: 204.21599, z: 717.12415}
        inSlope: {x: 0, y: -2.4301772, z: -14.338405}
        outSlope: {x: 0, y: -2.4301772, z: -14.338405}
        tangentMode: 0
      - serializedVersion: 2
        time: 74.433334
        value: {x: -294.88333, y: 178.61421, z: 548.22034}
        inSlope: {x: -9.674934, y: -3.1665635, z: -18.076101}
        outSlope: {x: -9.674934, y: -3.1665635, z: -18.076101}
        tangentMode: 0
      - serializedVersion: 2
        time: 77.96667
        value: {x: -334.56653, y: 163.209, z: 483.0387}
        inSlope: {x: -15.59613, y: 0, z: 0}
        outSlope: {x: -15.59613, y: 0, z: 0}
        tangentMode: 0
      - serializedVersion: 2
        time: 83.46667
        value: {x: -435.76837, y: 194.10796, z: 539.115}
        inSlope: {x: 0, y: 2.8990304, z: 6.6933656}
        outSlope: {x: 0, y: 2.8990304, z: 6.6933656}
        tangentMode: 0
      - serializedVersion: 2
        time: 93.666664
        value: {x: -358.54388, y: 208.72377, z: 588.1245}
        inSlope: {x: 15.432039, y: 1.3040237, z: 0}
        outSlope: {x: 15.432039, y: 1.3040237, z: 0}
        tangentMode: 0
      - serializedVersion: 2
        time: 103.48333
        value: {x: -55.69397, y: 220.21016, z: 533.64014}
        inSlope: {x: 0, y: 0, z: 0}
        outSlope: {x: 0, y: 0, z: 0}
        tangentMode: 0
      m_PreInfinity: 2
      m_PostInfinity: 2
      m_RotationOrder: 4
    path: 
  m_ScaleCurves: []
  m_FloatCurves: []
  m_PPtrCurves: []
  m_SampleRate: 60
  m_WrapMode: 0
  m_Bounds:
    m_Center: {x: 0, y: 0, z: 0}
    m_Extent: {x: 0, y: 0, z: 0}
  m_ClipBindingConstant:
    genericBindings:
    - serializedVersion: 2
      path: 0
      attribute: 1
      script: {fileID: 0}
      typeID: 4
      customType: 0
      isPPtrCurve: 0
    - serializedVersion: 2
      path: 0
      attribute: 4
      script: {fileID: 0}
      typeID: 4
      customType: 4
      isPPtrCurve: 0
    - serializedVersion: 2
      path: 0
      attribute: 0
      script: {fileID: 0}
      typeID: 95
      customType: 8
      isPPtrCurve: 0
    - serializedVersion: 2
      path: 0
      attribute: 1
      script: {fileID: 0}
      typeID: 95
      customType: 8
      isPPtrCurve: 0
    - serializedVersion: 2
      path: 0
      attribute: 2
      script: {fileID: 0}
      typeID: 95
      customType: 8
      isPPtrCurve: 0
    - serializedVersion: 2
      path: 0
      attribute: 3
      script: {fileID: 0}
      typeID: 95
      customType: 8
      isPPtrCurve: 0
    - serializedVersion: 2
      path: 0
      attribute: 4
      script: {fileID: 0}
      typeID: 95
      customType: 8
      isPPtrCurve: 0
    - serializedVersion: 2
      path: 0
      attribute: 5
      script: {fileID: 0}
      typeID: 95
      customType: 8
      isPPtrCurve: 0
    - serializedVersion: 2
      path: 0
      attribute: 6
      script: {fileID: 0}
      typeID: 95
      customType: 8
      isPPtrCurve: 0
    pptrCurveMapping: []
  m_AnimationClipSettings:
    serializedVersion: 2
    m_AdditiveReferencePoseClip: {fileID: 0}
    m_AdditiveReferencePoseTime: 0
    m_StartTime: 0
    m_StopTime: 103.48333
    m_OrientationOffsetY: 0
    m_Level: 0
    m_CycleOffset: 0
    m_HasAdditiveReferencePose: 0
    m_LoopTime: 0
    m_LoopBlend: 0
    m_LoopBlendOrientation: 0
    m_LoopBlendPositionY: 0
    m_LoopBlendPositionXZ: 0
    m_KeepOriginalOrientation: 0
    m_KeepOriginalPositionY: 1
    m_KeepOriginalPositionXZ: 0
    m_HeightFromFeet: 0
    m_Mirror: 0
  m_EditorCurves:
  - curve:
      serializedVersion: 2
      m_Curve:
      - serializedVersion: 2
        time: 0
        value: -0.000061035156
        inSlope: 0
        outSlope: 0
        tangentMode: 136
      - serializedVersion: 2
        time: 10.066667
        value: -45.53766
        inSlope: -7.612325
        outSlope: -7.612325
        tangentMode: 136
      - serializedVersion: 2
        time: 12.433333
        value: -94.64664
        inSlope: -17.545105
        outSlope: -17.545105
        tangentMode: 136
      - serializedVersion: 2
        time: 17.916666
        value: -183.26672
        inSlope: -22.578367
        outSlope: -22.578367
        tangentMode: 136
      - serializedVersion: 2
        time: 28.133333
        value: -486.0694
        inSlope: -26.658451
        outSlope: -26.658451
        tangentMode: 136
      - serializedVersion: 2
        time: 32.833332
        value: -585.4832
        inSlope: 0
        outSlope: 0
        tangentMode: 136
      - serializedVersion: 2
        time: 43.433334
        value: -579.7174
        inSlope: 1.5074005
        outSlope: 1.5074005
        tangentMode: 136
      - serializedVersion: 2
        time: 48.133335
        value: -543.1403
        inSlope: 9.808383
        outSlope: 9.808383
        tangentMode: 136
      - serializedVersion: 2
        time: 58.35
        value: -257.23685
        inSlope: 11.36285
        outSlope: 11.36285
        tangentMode: 136
      - serializedVersion: 2
        time: 65.01667
        value: -209.27615
        inSlope: 0
        outSlope: 0
        tangentMode: 136
      - serializedVersion: 2
        time: 74.433334
        value: -294.88333
        inSlope: -9.674934
        outSlope: -9.674934
        tangentMode: 136
      - serializedVersion: 2
        time: 77.96667
        value: -334.56653
        inSlope: -15.59613
        outSlope: -15.59613
        tangentMode: 136
      - serializedVersion: 2
        time: 83.46667
        value: -435.76837
        inSlope: 0
        outSlope: 0
        tangentMode: 136
      - serializedVersion: 2
        time: 93.666664
        value: -358.54388
        inSlope: 15.432039
        outSlope: 15.432039
        tangentMode: 136
      - serializedVersion: 2
        time: 103.48333
        value: -55.69397
        inSlope: 0
        outSlope: 0
        tangentMode: 136
      m_PreInfinity: 2
      m_PostInfinity: 2
      m_RotationOrder: 4
    attribute: m_LocalPosition.x
    path: 
    classID: 4
    script: {fileID: 0}
  - curve:
      serializedVersion: 2
      m_Curve:
      - serializedVersion: 2
        time: 0
        value: 0
        inSlope: 0
        outSlope: 0
        tangentMode: 136
      - serializedVersion: 2
        time: 10.066667
        value: 102.07649
        inSlope: 7.239
        outSlope: 7.239
        tangentMode: 136
      - serializedVersion: 2
        time: 12.433333
        value: 124.57771
        inSlope: 0
        outSlope: 0
        tangentMode: 136
      - serializedVersion: 2
        time: 17.916666
        value: 111.479416
        inSlope: -1.212685
        outSlope: -1.212685
        tangentMode: 136
      - serializedVersion: 2
        time: 28.133333
        value: 105.53856
        inSlope: 0
        outSlope: 0
        tangentMode: 136
      - serializedVersion: 2
        time: 32.833332
        value: 120.87224
        inSlope: 4.0088043
        outSlope: 4.0088043
        tangentMode: 136
      - serializedVersion: 2
        time: 43.433334
        value: 193.79762
        inSlope: 1.8962302
        outSlope: 1.8962302
        tangentMode: 136
      - serializedVersion: 2
        time: 48.133335
        value: 201.0507
        inSlope: 1.6023655
        outSlope: 1.6023655
        tangentMode: 136
      - serializedVersion: 2
        time: 58.35
        value: 217.69957
        inSlope: 0
        outSlope: 0
        tangentMode: 136
      - serializedVersion: 2
        time: 65.01667
        value: 204.21599
        inSlope: -2.4301772
        outSlope: -2.4301772
        tangentMode: 136
      - serializedVersion: 2
        time: 74.433334
        value: 178.61421
        inSlope: -3.1665635
        outSlope: -3.1665635
        tangentMode: 136
      - serializedVersion: 2
        time: 77.96667
        value: 163.209
        inSlope: 0
        outSlope: 0
        tangentMode: 136
      - serializedVersion: 2
        time: 83.46667
        value: 194.10796
        inSlope: 2.8990304
        outSlope: 2.8990304
        tangentMode: 136
      - serializedVersion: 2
        time: 93.666664
        value: 208.72377
        inSlope: 1.3040237
        outSlope: 1.3040237
        tangentMode: 136
      - serializedVersion: 2
        time: 103.48333
        value: 220.21016
        inSlope: 0
        outSlope: 0
        tangentMode: 136
      m_PreInfinity: 2
      m_PostInfinity: 2
      m_RotationOrder: 4
    attribute: m_LocalPosition.y
    path: 
    classID: 4
    script: {fileID: 0}
  - curve:
      serializedVersion: 2
      m_Curve:
      - serializedVersion: 2
        time: 0
        value: 0.000061035156
        inSlope: 0
        outSlope: 0
        tangentMode: 136
      - serializedVersion: 2
        time: 10.066667
        value: 377.41187
        inSlope: 14.049691
        outSlope: 14.049691
        tangentMode: 136
      - serializedVersion: 2
        time: 12.433333
        value: 421.083
        inSlope: 0
        outSlope: 0
        tangentMode: 136
      - serializedVersion: 2
        time: 17.916666
        value: 392.67126
        inSlope: 0
        outSlope: 0
        tangentMode: 136
      - serializedVersion: 2
        time: 28.133333
        value: 392.96106
        inSlope: 0.07771037
        outSlope: 0.07771037
        tangentMode: 136
      - serializedVersion: 2
        time: 32.833332
        value: 435.18567
        inSlope: 11.039113
        outSlope: 11.039113
        tangentMode: 136
      - serializedVersion: 2
        time: 43.433334
        value: 703.05493
        inSlope: 6.846116
        outSlope: 6.846116
        tangentMode: 136
      - serializedVersion: 2
        time: 48.133335
        value: 729.24133
        inSlope: 5.0798745
        outSlope: 5.0798745
        tangentMode: 136
      - serializedVersion: 2
        time: 58.35
        value: 778.8297
        inSlope: 0
        outSlope: 0
        tangentMode: 136
      - serializedVersion: 2
        time: 65.01667
        value: 717.12415
        inSlope: -14.338405
        outSlope: -14.338405
        tangentMode: 136
      - serializedVersion: 2
        time: 74.433334
        value: 548.22034
        inSlope: -18.076101
        outSlope: -18.076101
        tangentMode: 136
      - serializedVersion: 2
        time: 77.96667
        value: 483.0387
        inSlope: 0
        outSlope: 0
        tangentMode: 136
      - serializedVersion: 2
        time: 83.46667
        value: 539.115
        inSlope: 6.6933656
        outSlope: 6.6933656
        tangentMode: 136
      - serializedVersion: 2
        time: 93.666664
        value: 588.1245
        inSlope: 0
        outSlope: 0
        tangentMode: 136
      - serializedVersion: 2
        time: 103.48333
        value: 533.64014
        inSlope: 0
        outSlope: 0
        tangentMode: 136
      m_PreInfinity: 2
      m_PostInfinity: 2
      m_RotationOrder: 4
    attribute: m_LocalPosition.z
    path: 
    classID: 4
    script: {fileID: 0}
  - curve:
      serializedVersion: 2
      m_Curve:
      - serializedVersion: 2
        time: 10.066667
        value: 345.6323
        inSlope: 0
        outSlope: 0
        tangentMode: 136
      - serializedVersion: 2
        time: 12.433333
        value: 362.9511
        inSlope: 3.2675037
        outSlope: 3.2675037
        tangentMode: 136
      - serializedVersion: 2
        time: 17.916666
        value: 371.2822
        inSlope: 0
        outSlope: 0
        tangentMode: 136
      - serializedVersion: 2
        time: 28.133333
        value: 358.0963
        inSlope: -1.7578924
        outSlope: -1.7578924
        tangentMode: 136
      - serializedVersion: 2
        time: 32.833332
        value: 345.0603
        inSlope: -0.3622775
        outSlope: -0.3622775
        tangentMode: 136
      - serializedVersion: 2
        time: 43.433334
        value: 343.6746
        inSlope: 0
        outSlope: 0
        tangentMode: 136
      - serializedVersion: 2
        time: 48.133335
        value: 360.1998
        inSlope: 1.681422
        outSlope: 1.681422
        tangentMode: 136
      - serializedVersion: 2
        time: 58.35
        value: 368.7558
        inSlope: 0.3604267
        outSlope: 0.3604267
        tangentMode: 136
      - serializedVersion: 2
        time: 65.01667
        value: 370.2771
        inSlope: 0.18596302
        outSlope: 0.18596302
        tangentMode: 136
      - serializedVersion: 2
        time: 74.433334
        value: 371.7467
        inSlope: 0
        outSlope: 0
        tangentMode: 136
      - serializedVersion: 2
        time: 77.96667
        value: 355.0901
        inSlope: -2.9950516
        outSlope: -2.9950516
        tangentMode: 136
      - serializedVersion: 2
        time: 83.46667
        value: 344.6914
        inSlope: 0
        outSlope: 0
        tangentMode: 136
      - serializedVersion: 2
        time: 93.666664
        value: 364.6424
        inSlope: 0
        outSlope: 0
        tangentMode: 136
      - serializedVersion: 2
        time: 103.48333
        value: 358.8131
        inSlope: 0
        outSlope: 0
        tangentMode: 136
      m_PreInfinity: 2
      m_PostInfinity: 2
      m_RotationOrder: 4
    attribute: localEulerAnglesRaw.x
    path: 
    classID: 4
    script: {fileID: 0}
  - curve:
      serializedVersion: 2
      m_Curve:
      - serializedVersion: 2
        time: 10.066667
        value: 354.5012
        inSlope: 0
        outSlope: 0
        tangentMode: 136
      - serializedVersion: 2
        time: 12.433333
        value: 270.0645
        inSlope: -8.576568
        outSlope: -8.576568
        tangentMode: 136
      - serializedVersion: 2
        time: 17.916666
        value: 253.233
        inSlope: 0
        outSlope: 0
        tangentMode: 136
      - serializedVersion: 2
        time: 28.133333
        value: 284.5773
        inSlope: 7.3245053
        outSlope: 7.3245053
        tangentMode: 136
      - serializedVersion: 2
        time: 32.833332
        value: 362.4902
        inSlope: 0
        outSlope: 0
        tangentMode: 136
      - serializedVersion: 2
        time: 43.433334
        value: 361.254
        inSlope: 0
        outSlope: 0
        tangentMode: 136
      - serializedVersion: 2
        time: 48.133335
        value: 442.8615
        inSlope: 7.4224443
        outSlope: 7.4224443
        tangentMode: 136
      - serializedVersion: 2
        time: 58.35
        value: 471.9721
        inSlope: 5.432325
        outSlope: 5.432325
        tangentMode: 136
      - serializedVersion: 2
        time: 65.01667
        value: 534.5773
        inSlope: 6.438644
        outSlope: 6.438644
        tangentMode: 136
      - serializedVersion: 2
        time: 74.433334
        value: 575.527
        inSlope: 8.686506
        outSlope: 8.686506
        tangentMode: 136
      - serializedVersion: 2
        time: 77.96667
        value: 647.0675
        inSlope: 13.87174
        outSlope: 13.87174
        tangentMode: 136
      - serializedVersion: 2
        time: 83.46667
        value: 700.835
        inSlope: 10.668823
        outSlope: 10.668823
        tangentMode: 136
      - serializedVersion: 2
        time: 93.666664
        value: 814.568
        inSlope: 0.7986509
        outSlope: 0.7986509
        tangentMode: 136
      - serializedVersion: 2
        time: 103.48333
        value: 818.5646
        inSlope: 0
        outSlope: 0
        tangentMode: 136
      m_PreInfinity: 2
      m_PostInfinity: 2
      m_RotationOrder: 4
    attribute: localEulerAnglesRaw.y
    path: 
    classID: 4
    script: {fileID: 0}
  - curve:
      serializedVersion: 2
      m_Curve:
      - serializedVersion: 2
        time: 10.066667
        value: 1.522338
        inSlope: 0
        outSlope: 0
        tangentMode: 136
      - serializedVersion: 2
        time: 12.433333
        value: 16.10896
        inSlope: 0
        outSlope: 0
        tangentMode: 136
      - serializedVersion: 2
        time: 17.916666
        value: 15.48266
        inSlope: 0
        outSlope: 0
        tangentMode: 136
      - serializedVersion: 2
        time: 28.133333
        value: 15.56863
        inSlope: 0
        outSlope: 0
        tangentMode: 136
      - serializedVersion: 2
        time: 32.833332
        value: -0.6899757
        inSlope: 0
        outSlope: 0
        tangentMode: 136
      - serializedVersion: 2
        time: 43.433334
        value: -0.3474464
        inSlope: 0
        outSlope: 0
        tangentMode: 136
      - serializedVersion: 2
        time: 48.133335
        value: -15.9722
        inSlope: 0
        outSlope: 0
        tangentMode: 136
      - serializedVersion: 2
        time: 58.35
        value: -14.90647
        inSlope: 0.2524928
        outSlope: 0.2524928
        tangentMode: 136
      - serializedVersion: 2
        time: 65.01667
        value: -1.508399
        inSlope: 1.503178
        outSlope: 1.503178
        tangentMode: 136
      - serializedVersion: 2
        time: 74.433334
        value: 9.269647
        inSlope: 1.3027368
        outSlope: 1.3027368
        tangentMode: 136
      - serializedVersion: 2
        time: 77.96667
        value: 15.36204
        inSlope: 0
        outSlope: 0
        tangentMode: 136
      - serializedVersion: 2
        time: 83.46667
        value: 5.219797
        inSlope: -2.0015163
        outSlope: -2.0015163
        tangentMode: 136
      - serializedVersion: 2
        time: 93.666664
        value: -16.06176
        inSlope: 0
        outSlope: 0
        tangentMode: 136
      - serializedVersion: 2
        time: 103.48333
        value: -15.93499
        inSlope: 0
        outSlope: 0
        tangentMode: 136
      m_PreInfinity: 2
      m_PostInfinity: 2
      m_RotationOrder: 4
    attribute: localEulerAnglesRaw.z
    path: 
    classID: 4
    script: {fileID: 0}
  m_EulerEditorCurves:
  - curve:
      serializedVersion: 2
      m_Curve: []
      m_PreInfinity: 2
      m_PostInfinity: 2
      m_RotationOrder: 4
    attribute: m_LocalEulerAngles.x
    path: 
    classID: 4
    script: {fileID: 0}
  - curve:
      serializedVersion: 2
      m_Curve: []
      m_PreInfinity: 2
      m_PostInfinity: 2
      m_RotationOrder: 4
    attribute: m_LocalEulerAngles.y
    path: 
    classID: 4
    script: {fileID: 0}
  - curve:
      serializedVersion: 2
      m_Curve: []
      m_PreInfinity: 2
      m_PostInfinity: 2
      m_RotationOrder: 4
    attribute: m_LocalEulerAngles.z
    path: 
    classID: 4
    script: {fileID: 0}
  m_HasGenericRootTransform: 1
  m_HasMotionFloatCurves: 0
  m_GenerateMotionCurves: 1
  m_Events: []
--- !u!114 &114066060079928630
MonoBehaviour:
  m_ObjectHideFlags: 1
  m_PrefabParentObject: {fileID: 0}
  m_PrefabInternal: {fileID: 0}
  m_GameObject: {fileID: 0}
  m_Enabled: 1
  m_EditorHideFlags: 0
  m_Script: {fileID: -1670381969, guid: 6a10b2909283487f913b00d94cd3faf5, type: 3}
  m_Name: ControlPlayableAsset
  m_EditorClassIdentifier: 
  sourceGameObject:
    exposedName: 6bf910ee3a607f349968ca21da4ceada
    defaultValue: {fileID: 0}
  prefabGameObject: {fileID: 0}
  updateParticle: 1
  particleRandomSeed: 125
  updateDirector: 1
  updateITimeControl: 1
  searchHierarchy: 1
  active: 1
  postPlayback: 2
--- !u!114 &114092585020436730
MonoBehaviour:
  m_ObjectHideFlags: 1
  m_PrefabParentObject: {fileID: 0}
  m_PrefabInternal: {fileID: 0}
  m_GameObject: {fileID: 0}
  m_Enabled: 1
  m_EditorHideFlags: 0
  m_Script: {fileID: -1670381969, guid: 6a10b2909283487f913b00d94cd3faf5, type: 3}
  m_Name: ControlPlayableAsset
  m_EditorClassIdentifier: 
  sourceGameObject:
    exposedName: 5517c34b681343e4497a695d364a84ad
    defaultValue: {fileID: 0}
  prefabGameObject: {fileID: 0}
  updateParticle: 1
  particleRandomSeed: 2130
  updateDirector: 1
  updateITimeControl: 1
  searchHierarchy: 1
  active: 1
  postPlayback: 2
--- !u!114 &114100831454389738
MonoBehaviour:
  m_ObjectHideFlags: 1
  m_PrefabParentObject: {fileID: 0}
  m_PrefabInternal: {fileID: 0}
  m_GameObject: {fileID: 0}
  m_Enabled: 1
  m_EditorHideFlags: 0
  m_Script: {fileID: -1670381969, guid: 6a10b2909283487f913b00d94cd3faf5, type: 3}
  m_Name: ControlPlayableAsset
  m_EditorClassIdentifier: 
  sourceGameObject:
    exposedName: 56de29e053a990041a63cac879d01b52
    defaultValue: {fileID: 0}
  prefabGameObject: {fileID: 0}
  updateParticle: 1
  particleRandomSeed: 45
  updateDirector: 1
  updateITimeControl: 1
  searchHierarchy: 1
  active: 1
  postPlayback: 2
--- !u!114 &114107397840407802
MonoBehaviour:
  m_ObjectHideFlags: 1
  m_PrefabParentObject: {fileID: 0}
  m_PrefabInternal: {fileID: 0}
  m_GameObject: {fileID: 0}
  m_Enabled: 1
  m_EditorHideFlags: 0
  m_Script: {fileID: -1095772578, guid: 6a10b2909283487f913b00d94cd3faf5, type: 3}
  m_Name: F10
  m_EditorClassIdentifier: 
  m_Locked: 0
  m_Muted: 0
  m_CustomPlayableFullTypename: 
  m_AnimClip: {fileID: 0}
  m_Parent: {fileID: 11400000}
  m_Children: []
  m_Clips:
  - m_Start: 88.9
    m_ClipIn: 0
    m_Asset: {fileID: 114066060079928630}
    m_UnderlyingAsset: {fileID: 114066060079928630}
    m_Duration: 36.93333333333333
    m_TimeScale: 1
    m_ParentTrack: {fileID: 114107397840407802}
    m_EaseInDuration: 0
    m_EaseOutDuration: 0
    m_BlendInDuration: 0
    m_BlendOutDuration: 0
    m_MixInCurve:
      serializedVersion: 2
      m_Curve:
      - serializedVersion: 2
        time: 0
        value: 0
        inSlope: 0
        outSlope: 0
        tangentMode: 0
      - serializedVersion: 2
        time: 1
        value: 1
        inSlope: 0
        outSlope: 0
        tangentMode: 0
      m_PreInfinity: 2
      m_PostInfinity: 2
      m_RotationOrder: 4
    m_MixOutCurve:
      serializedVersion: 2
      m_Curve:
      - serializedVersion: 2
        time: 0
        value: 1
        inSlope: 0
        outSlope: 0
        tangentMode: 0
      - serializedVersion: 2
        time: 1
        value: 0
        inSlope: 0
        outSlope: 0
        tangentMode: 0
      m_PreInfinity: 2
      m_PostInfinity: 2
      m_RotationOrder: 4
    m_BlendInCurveMode: 0
    m_BlendOutCurveMode: 0
    m_ExposedParameterNames: []
    m_AnimationCurves: {fileID: 0}
    m_Recordable: 0
    m_PostExtrapolationMode: 0
    m_PreExtrapolationMode: 0
    m_PostExtrapolationTime: 0
    m_PreExtrapolationTime: 0
    m_DisplayName: ControlPlayableAsset
    m_Version: 1
--- !u!114 &114131570950228446
MonoBehaviour:
  m_ObjectHideFlags: 1
  m_PrefabParentObject: {fileID: 0}
  m_PrefabInternal: {fileID: 0}
  m_GameObject: {fileID: 0}
  m_Enabled: 1
  m_EditorHideFlags: 0
  m_Script: {fileID: -1670381969, guid: 6a10b2909283487f913b00d94cd3faf5, type: 3}
  m_Name: ControlPlayableAsset
  m_EditorClassIdentifier: 
  sourceGameObject:
    exposedName: 4aff92ec99234084bb9984a37c04ec80
    defaultValue: {fileID: 0}
  prefabGameObject: {fileID: 0}
  updateParticle: 1
  particleRandomSeed: 9831
  updateDirector: 1
  updateITimeControl: 1
  searchHierarchy: 1
  active: 1
  postPlayback: 2
--- !u!114 &114180791258942126
MonoBehaviour:
  m_ObjectHideFlags: 1
  m_PrefabParentObject: {fileID: 0}
  m_PrefabInternal: {fileID: 0}
  m_GameObject: {fileID: 0}
  m_Enabled: 1
  m_EditorHideFlags: 0
  m_Script: {fileID: -1095772578, guid: 6a10b2909283487f913b00d94cd3faf5, type: 3}
  m_Name: C1
  m_EditorClassIdentifier: 
  m_Locked: 0
  m_Muted: 0
  m_CustomPlayableFullTypename: 
  m_AnimClip: {fileID: 0}
  m_Parent: {fileID: 11400000}
  m_Children: []
  m_Clips:
  - m_Start: 40.416666666666664
    m_ClipIn: 0
    m_Asset: {fileID: 114585157621417036}
    m_UnderlyingAsset: {fileID: 114585157621417036}
    m_Duration: 59.166666666666664
    m_TimeScale: 1
    m_ParentTrack: {fileID: 114180791258942126}
    m_EaseInDuration: 0
    m_EaseOutDuration: 0
    m_BlendInDuration: 0
    m_BlendOutDuration: 0
    m_MixInCurve:
      serializedVersion: 2
      m_Curve:
      - serializedVersion: 2
        time: 0
        value: 0
        inSlope: 0
        outSlope: 0
        tangentMode: 0
      - serializedVersion: 2
        time: 1
        value: 1
        inSlope: 0
        outSlope: 0
        tangentMode: 0
      m_PreInfinity: 2
      m_PostInfinity: 2
      m_RotationOrder: 4
    m_MixOutCurve:
      serializedVersion: 2
      m_Curve:
      - serializedVersion: 2
        time: 0
        value: 1
        inSlope: 0
        outSlope: 0
        tangentMode: 0
      - serializedVersion: 2
        time: 1
        value: 0
        inSlope: 0
        outSlope: 0
        tangentMode: 0
      m_PreInfinity: 2
      m_PostInfinity: 2
      m_RotationOrder: 4
    m_BlendInCurveMode: 0
    m_BlendOutCurveMode: 0
    m_ExposedParameterNames: []
    m_AnimationCurves: {fileID: 0}
    m_Recordable: 0
    m_PostExtrapolationMode: 0
    m_PreExtrapolationMode: 0
    m_PostExtrapolationTime: 0
    m_PreExtrapolationTime: 0
    m_DisplayName: ControlPlayableAsset
    m_Version: 1
--- !u!114 &114198970038113282
MonoBehaviour:
  m_ObjectHideFlags: 1
  m_PrefabParentObject: {fileID: 0}
  m_PrefabInternal: {fileID: 0}
  m_GameObject: {fileID: 0}
  m_Enabled: 1
  m_EditorHideFlags: 0
  m_Script: {fileID: -1670381969, guid: 6a10b2909283487f913b00d94cd3faf5, type: 3}
  m_Name: ControlPlayableAsset
  m_EditorClassIdentifier: 
  sourceGameObject:
    exposedName: bb42564ccafb63c48beb5a7cd73834e2
    defaultValue: {fileID: 0}
  prefabGameObject: {fileID: 0}
  updateParticle: 1
  particleRandomSeed: 3616
  updateDirector: 1
  updateITimeControl: 1
  searchHierarchy: 1
  active: 1
  postPlayback: 2
--- !u!114 &114203605244764972
MonoBehaviour:
  m_ObjectHideFlags: 1
  m_PrefabParentObject: {fileID: 0}
  m_PrefabInternal: {fileID: 0}
  m_GameObject: {fileID: 0}
  m_Enabled: 1
  m_EditorHideFlags: 0
  m_Script: {fileID: -1095772578, guid: 6a10b2909283487f913b00d94cd3faf5, type: 3}
  m_Name: F11
  m_EditorClassIdentifier: 
  m_Locked: 0
  m_Muted: 0
  m_CustomPlayableFullTypename: 
  m_AnimClip: {fileID: 0}
  m_Parent: {fileID: 11400000}
  m_Children: []
  m_Clips:
  - m_Start: 88.9
    m_ClipIn: 0
    m_Asset: {fileID: 114639993875689912}
    m_UnderlyingAsset: {fileID: 114639993875689912}
    m_Duration: 50.29999999999998
    m_TimeScale: 1
    m_ParentTrack: {fileID: 114203605244764972}
    m_EaseInDuration: 0
    m_EaseOutDuration: 0
    m_BlendInDuration: 0
    m_BlendOutDuration: 0
    m_MixInCurve:
      serializedVersion: 2
      m_Curve:
      - serializedVersion: 2
        time: 0
        value: 0
        inSlope: 0
        outSlope: 0
        tangentMode: 0
      - serializedVersion: 2
        time: 1
        value: 1
        inSlope: 0
        outSlope: 0
        tangentMode: 0
      m_PreInfinity: 2
      m_PostInfinity: 2
      m_RotationOrder: 4
    m_MixOutCurve:
      serializedVersion: 2
      m_Curve:
      - serializedVersion: 2
        time: 0
        value: 1
        inSlope: 0
        outSlope: 0
        tangentMode: 0
      - serializedVersion: 2
        time: 1
        value: 0
        inSlope: 0
        outSlope: 0
        tangentMode: 0
      m_PreInfinity: 2
      m_PostInfinity: 2
      m_RotationOrder: 4
    m_BlendInCurveMode: 0
    m_BlendOutCurveMode: 0
    m_ExposedParameterNames: []
    m_AnimationCurves: {fileID: 0}
    m_Recordable: 0
    m_PostExtrapolationMode: 0
    m_PreExtrapolationMode: 0
    m_PostExtrapolationTime: 0
    m_PreExtrapolationTime: 0
    m_DisplayName: ControlPlayableAsset
    m_Version: 1
--- !u!114 &114232690554674034
MonoBehaviour:
  m_ObjectHideFlags: 1
  m_PrefabParentObject: {fileID: 0}
  m_PrefabInternal: {fileID: 0}
  m_GameObject: {fileID: 0}
  m_Enabled: 1
  m_EditorHideFlags: 0
  m_Script: {fileID: -1670381969, guid: 6a10b2909283487f913b00d94cd3faf5, type: 3}
  m_Name: ControlPlayableAsset
  m_EditorClassIdentifier: 
  sourceGameObject:
    exposedName: c0b9ef7cf81e8b740b5d6f1ac0896bd7
    defaultValue: {fileID: 0}
  prefabGameObject: {fileID: 0}
  updateParticle: 1
  particleRandomSeed: 1520
  updateDirector: 1
  updateITimeControl: 1
  searchHierarchy: 1
  active: 1
  postPlayback: 2
--- !u!114 &114276117037804258
MonoBehaviour:
  m_ObjectHideFlags: 1
  m_PrefabParentObject: {fileID: 0}
  m_PrefabInternal: {fileID: 0}
  m_GameObject: {fileID: 0}
  m_Enabled: 1
  m_EditorHideFlags: 0
  m_Script: {fileID: -1544527758, guid: 6a10b2909283487f913b00d94cd3faf5, type: 3}
  m_Name: Track Group
  m_EditorClassIdentifier: 
  m_Locked: 0
  m_Muted: 0
  m_CustomPlayableFullTypename: 
  m_AnimClip: {fileID: 0}
  m_Parent: {fileID: 11400000}
  m_Children: []
  m_Clips: []
--- !u!114 &114304159489307364
MonoBehaviour:
  m_ObjectHideFlags: 1
  m_PrefabParentObject: {fileID: 0}
  m_PrefabInternal: {fileID: 0}
  m_GameObject: {fileID: 0}
  m_Enabled: 1
  m_EditorHideFlags: 0
  m_Script: {fileID: -1670381969, guid: 6a10b2909283487f913b00d94cd3faf5, type: 3}
  m_Name: ControlPlayableAsset
  m_EditorClassIdentifier: 
  sourceGameObject:
    exposedName: e0b37e84c5487c045a344cdabc4aac0c
    defaultValue: {fileID: 0}
  prefabGameObject: {fileID: 0}
  updateParticle: 1
  particleRandomSeed: 1241
  updateDirector: 1
  updateITimeControl: 1
  searchHierarchy: 1
  active: 1
  postPlayback: 2
--- !u!114 &114385640922911124
MonoBehaviour:
  m_ObjectHideFlags: 1
  m_PrefabParentObject: {fileID: 0}
  m_PrefabInternal: {fileID: 0}
  m_GameObject: {fileID: 0}
  m_Enabled: 1
  m_EditorHideFlags: 0
  m_Script: {fileID: -1095772578, guid: 6a10b2909283487f913b00d94cd3faf5, type: 3}
  m_Name: F7
  m_EditorClassIdentifier: 
  m_Locked: 0
  m_Muted: 0
  m_CustomPlayableFullTypename: 
  m_AnimClip: {fileID: 0}
  m_Parent: {fileID: 11400000}
  m_Children: []
  m_Clips:
  - m_Start: 29.733333333333334
    m_ClipIn: 0
    m_Asset: {fileID: 114394237868114796}
    m_UnderlyingAsset: {fileID: 114394237868114796}
    m_Duration: 59.166666666666664
    m_TimeScale: 1
    m_ParentTrack: {fileID: 114385640922911124}
    m_EaseInDuration: 0
    m_EaseOutDuration: 0
    m_BlendInDuration: 0
    m_BlendOutDuration: 0
    m_MixInCurve:
      serializedVersion: 2
      m_Curve:
      - serializedVersion: 2
        time: 0
        value: 0
        inSlope: 0
        outSlope: 0
        tangentMode: 0
      - serializedVersion: 2
        time: 1
        value: 1
        inSlope: 0
        outSlope: 0
        tangentMode: 0
      m_PreInfinity: 2
      m_PostInfinity: 2
      m_RotationOrder: 4
    m_MixOutCurve:
      serializedVersion: 2
      m_Curve:
      - serializedVersion: 2
        time: 0
        value: 1
        inSlope: 0
        outSlope: 0
        tangentMode: 0
      - serializedVersion: 2
        time: 1
        value: 0
        inSlope: 0
        outSlope: 0
        tangentMode: 0
      m_PreInfinity: 2
      m_PostInfinity: 2
      m_RotationOrder: 4
    m_BlendInCurveMode: 0
    m_BlendOutCurveMode: 0
    m_ExposedParameterNames: []
    m_AnimationCurves: {fileID: 0}
    m_Recordable: 0
    m_PostExtrapolationMode: 0
    m_PreExtrapolationMode: 0
    m_PostExtrapolationTime: 0
    m_PreExtrapolationTime: 0
    m_DisplayName: ControlPlayableAsset
    m_Version: 1
--- !u!114 &114394237868114796
MonoBehaviour:
  m_ObjectHideFlags: 1
  m_PrefabParentObject: {fileID: 0}
  m_PrefabInternal: {fileID: 0}
  m_GameObject: {fileID: 0}
  m_Enabled: 1
  m_EditorHideFlags: 0
  m_Script: {fileID: -1670381969, guid: 6a10b2909283487f913b00d94cd3faf5, type: 3}
  m_Name: ControlPlayableAsset
  m_EditorClassIdentifier: 
  sourceGameObject:
    exposedName: 483d4c08eb66ad749940474ab509febf
    defaultValue: {fileID: 0}
  prefabGameObject: {fileID: 0}
  updateParticle: 1
  particleRandomSeed: 2548
  updateDirector: 1
  updateITimeControl: 1
  searchHierarchy: 1
  active: 1
  postPlayback: 2
--- !u!114 &114406647493747746
MonoBehaviour:
  m_ObjectHideFlags: 1
  m_PrefabParentObject: {fileID: 0}
  m_PrefabInternal: {fileID: 0}
  m_GameObject: {fileID: 0}
  m_Enabled: 1
  m_EditorHideFlags: 0
  m_Script: {fileID: -1095772578, guid: 6a10b2909283487f913b00d94cd3faf5, type: 3}
  m_Name: Control Track
  m_EditorClassIdentifier: 
  m_Locked: 0
  m_Muted: 0
  m_CustomPlayableFullTypename: 
  m_AnimClip: {fileID: 0}
  m_Parent: {fileID: 114276117037804258}
  m_Children: []
  m_Clips: []
--- !u!114 &114483149651863140
MonoBehaviour:
  m_ObjectHideFlags: 1
  m_PrefabParentObject: {fileID: 0}
  m_PrefabInternal: {fileID: 0}
  m_GameObject: {fileID: 0}
  m_Enabled: 1
  m_EditorHideFlags: 0
  m_Script: {fileID: -1670381969, guid: 6a10b2909283487f913b00d94cd3faf5, type: 3}
  m_Name: ControlPlayableAsset
  m_EditorClassIdentifier: 
  sourceGameObject:
    exposedName: a8c1cc191139ed44597556e47c3f2ac8
    defaultValue: {fileID: 0}
  prefabGameObject: {fileID: 0}
  updateParticle: 1
  particleRandomSeed: 8098
  updateDirector: 1
  updateITimeControl: 1
  searchHierarchy: 1
  active: 1
  postPlayback: 2
--- !u!114 &114486741246129986
MonoBehaviour:
  m_ObjectHideFlags: 1
  m_PrefabParentObject: {fileID: 0}
  m_PrefabInternal: {fileID: 0}
  m_GameObject: {fileID: 0}
  m_Enabled: 1
  m_EditorHideFlags: 0
  m_Script: {fileID: -1670381969, guid: 6a10b2909283487f913b00d94cd3faf5, type: 3}
  m_Name: ControlPlayableAsset
  m_EditorClassIdentifier: 
  sourceGameObject:
    exposedName: c6ccfad2e05a52a4d8d8bcc74c3e7fc1
    defaultValue: {fileID: 0}
  prefabGameObject: {fileID: 0}
  updateParticle: 1
  particleRandomSeed: 6137
  updateDirector: 1
  updateITimeControl: 1
  searchHierarchy: 1
  active: 1
  postPlayback: 2
--- !u!114 &114488950107880648
MonoBehaviour:
  m_ObjectHideFlags: 1
  m_PrefabParentObject: {fileID: 0}
  m_PrefabInternal: {fileID: 0}
  m_GameObject: {fileID: 0}
  m_Enabled: 1
  m_EditorHideFlags: 0
  m_Script: {fileID: -1095772578, guid: 6a10b2909283487f913b00d94cd3faf5, type: 3}
  m_Name: F3
  m_EditorClassIdentifier: 
  m_Locked: 0
  m_Muted: 0
  m_CustomPlayableFullTypename: 
  m_AnimClip: {fileID: 0}
  m_Parent: {fileID: 11400000}
  m_Children: []
  m_Clips:
  - m_Start: 13.166666666666666
    m_ClipIn: 0
    m_Asset: {fileID: 114486741246129986}
    m_UnderlyingAsset: {fileID: 114486741246129986}
    m_Duration: 59.166666666666664
    m_TimeScale: 1
    m_ParentTrack: {fileID: 114488950107880648}
    m_EaseInDuration: 0
    m_EaseOutDuration: 0
    m_BlendInDuration: 0
    m_BlendOutDuration: 0
    m_MixInCurve:
      serializedVersion: 2
      m_Curve:
      - serializedVersion: 2
        time: 0
        value: 0
        inSlope: 0
        outSlope: 0
        tangentMode: 0
      - serializedVersion: 2
        time: 1
        value: 1
        inSlope: 0
        outSlope: 0
        tangentMode: 0
      m_PreInfinity: 2
      m_PostInfinity: 2
      m_RotationOrder: 4
    m_MixOutCurve:
      serializedVersion: 2
      m_Curve:
      - serializedVersion: 2
        time: 0
        value: 1
        inSlope: 0
        outSlope: 0
        tangentMode: 0
      - serializedVersion: 2
        time: 1
        value: 0
        inSlope: 0
        outSlope: 0
        tangentMode: 0
      m_PreInfinity: 2
      m_PostInfinity: 2
      m_RotationOrder: 4
    m_BlendInCurveMode: 0
    m_BlendOutCurveMode: 0
    m_ExposedParameterNames: []
    m_AnimationCurves: {fileID: 0}
    m_Recordable: 0
    m_PostExtrapolationMode: 0
    m_PreExtrapolationMode: 0
    m_PostExtrapolationTime: 0
    m_PreExtrapolationTime: 0
    m_DisplayName: ControlPlayableAsset
    m_Version: 1
--- !u!114 &114510659598477008
MonoBehaviour:
  m_ObjectHideFlags: 1
  m_PrefabParentObject: {fileID: 0}
  m_PrefabInternal: {fileID: 0}
  m_GameObject: {fileID: 0}
  m_Enabled: 1
  m_EditorHideFlags: 0
  m_Script: {fileID: -1095772578, guid: 6a10b2909283487f913b00d94cd3faf5, type: 3}
  m_Name: F12
  m_EditorClassIdentifier: 
  m_Locked: 0
  m_Muted: 0
  m_CustomPlayableFullTypename: 
  m_AnimClip: {fileID: 0}
  m_Parent: {fileID: 11400000}
  m_Children: []
  m_Clips:
  - m_Start: 61.96666666666667
    m_ClipIn: 0
    m_Asset: {fileID: 114100831454389738}
    m_UnderlyingAsset: {fileID: 114100831454389738}
    m_Duration: 53.266666443619386
    m_TimeScale: 1
    m_ParentTrack: {fileID: 114510659598477008}
    m_EaseInDuration: 0
    m_EaseOutDuration: 0
    m_BlendInDuration: 0
    m_BlendOutDuration: 0
    m_MixInCurve:
      serializedVersion: 2
      m_Curve:
      - serializedVersion: 2
        time: 0
        value: 0
        inSlope: 0
        outSlope: 0
        tangentMode: 0
      - serializedVersion: 2
        time: 1
        value: 1
        inSlope: 0
        outSlope: 0
        tangentMode: 0
      m_PreInfinity: 2
      m_PostInfinity: 2
      m_RotationOrder: 4
    m_MixOutCurve:
      serializedVersion: 2
      m_Curve:
      - serializedVersion: 2
        time: 0
        value: 1
        inSlope: 0
        outSlope: 0
        tangentMode: 0
      - serializedVersion: 2
        time: 1
        value: 0
        inSlope: 0
        outSlope: 0
        tangentMode: 0
      m_PreInfinity: 2
      m_PostInfinity: 2
      m_RotationOrder: 4
    m_BlendInCurveMode: 0
    m_BlendOutCurveMode: 0
    m_ExposedParameterNames: []
    m_AnimationCurves: {fileID: 0}
    m_Recordable: 0
    m_PostExtrapolationMode: 0
    m_PreExtrapolationMode: 0
    m_PostExtrapolationTime: 0
    m_PreExtrapolationTime: 0
    m_DisplayName: ControlPlayableAsset
    m_Version: 1
--- !u!114 &114551122898338064
MonoBehaviour:
  m_ObjectHideFlags: 1
  m_PrefabParentObject: {fileID: 0}
  m_PrefabInternal: {fileID: 0}
  m_GameObject: {fileID: 0}
  m_Enabled: 1
  m_EditorHideFlags: 0
  m_Script: {fileID: 1467732076, guid: 6a10b2909283487f913b00d94cd3faf5, type: 3}
  m_Name: Animation Track
  m_EditorClassIdentifier: 
  m_Locked: 0
  m_Muted: 0
  m_CustomPlayableFullTypename: 
  m_AnimClip: {fileID: 74762107080237736}
  m_Parent: {fileID: 11400000}
  m_Children: []
  m_Clips: []
  m_OpenClipPreExtrapolation: 1
  m_OpenClipPostExtrapolation: 1
  m_OpenClipOffsetPosition: {x: 582.3787, y: 49.87978, z: 649.0406}
  m_OpenClipOffsetRotation: {x: 0.13979252, y: 0.04513757, z: -0.0063798195, w: 0.9891309}
  m_OpenClipTimeOffset: 0
  m_MatchTargetFields: 63
  m_Position: {x: 0, y: 0, z: 0}
  m_Rotation: {x: 0, y: 0, z: 0, w: 1}
  m_ApplyOffsets: 0
  m_AvatarMask: {fileID: 0}
  m_ApplyAvatarMask: 1
--- !u!114 &114585019504222104
MonoBehaviour:
  m_ObjectHideFlags: 1
  m_PrefabParentObject: {fileID: 0}
  m_PrefabInternal: {fileID: 0}
  m_GameObject: {fileID: 0}
  m_Enabled: 1
  m_EditorHideFlags: 0
  m_Script: {fileID: -1095772578, guid: 6a10b2909283487f913b00d94cd3faf5, type: 3}
  m_Name: F6
  m_EditorClassIdentifier: 
  m_Locked: 0
  m_Muted: 0
  m_CustomPlayableFullTypename: 
  m_AnimClip: {fileID: 0}
  m_Parent: {fileID: 11400000}
  m_Children: []
  m_Clips:
  - m_Start: 20.583333333333332
    m_ClipIn: 0
    m_Asset: {fileID: 114884818333482242}
    m_UnderlyingAsset: {fileID: 114884818333482242}
    m_Duration: 59.86666666666667
    m_TimeScale: 1
    m_ParentTrack: {fileID: 114585019504222104}
    m_EaseInDuration: 0
    m_EaseOutDuration: 0
    m_BlendInDuration: 0
    m_BlendOutDuration: 0
    m_MixInCurve:
      serializedVersion: 2
      m_Curve:
      - serializedVersion: 2
        time: 0
        value: 0
        inSlope: 0
        outSlope: 0
        tangentMode: 0
      - serializedVersion: 2
        time: 1
        value: 1
        inSlope: 0
        outSlope: 0
        tangentMode: 0
      m_PreInfinity: 2
      m_PostInfinity: 2
      m_RotationOrder: 4
    m_MixOutCurve:
      serializedVersion: 2
      m_Curve:
      - serializedVersion: 2
        time: 0
        value: 1
        inSlope: 0
        outSlope: 0
        tangentMode: 0
      - serializedVersion: 2
        time: 1
        value: 0
        inSlope: 0
        outSlope: 0
        tangentMode: 0
      m_PreInfinity: 2
      m_PostInfinity: 2
      m_RotationOrder: 4
    m_BlendInCurveMode: 0
    m_BlendOutCurveMode: 0
    m_ExposedParameterNames: []
    m_AnimationCurves: {fileID: 0}
    m_Recordable: 0
    m_PostExtrapolationMode: 0
    m_PreExtrapolationMode: 0
    m_PostExtrapolationTime: 0
    m_PreExtrapolationTime: 0
    m_DisplayName: ControlPlayableAsset
    m_Version: 1
--- !u!114 &114585157621417036
MonoBehaviour:
  m_ObjectHideFlags: 1
  m_PrefabParentObject: {fileID: 0}
  m_PrefabInternal: {fileID: 0}
  m_GameObject: {fileID: 0}
  m_Enabled: 1
  m_EditorHideFlags: 0
  m_Script: {fileID: -1670381969, guid: 6a10b2909283487f913b00d94cd3faf5, type: 3}
  m_Name: ControlPlayableAsset
  m_EditorClassIdentifier: 
  sourceGameObject:
    exposedName: c9a62ec5e5d8c394c9499fe93c936b52
    defaultValue: {fileID: 0}
  prefabGameObject: {fileID: 0}
  updateParticle: 1
  particleRandomSeed: 6485
  updateDirector: 1
  updateITimeControl: 1
  searchHierarchy: 1
  active: 1
  postPlayback: 2
--- !u!114 &114591936842388620
MonoBehaviour:
  m_ObjectHideFlags: 1
  m_PrefabParentObject: {fileID: 0}
  m_PrefabInternal: {fileID: 0}
  m_GameObject: {fileID: 0}
  m_Enabled: 1
  m_EditorHideFlags: 0
  m_Script: {fileID: -1670381969, guid: 6a10b2909283487f913b00d94cd3faf5, type: 3}
  m_Name: ControlPlayableAsset
  m_EditorClassIdentifier: 
  sourceGameObject:
    exposedName: 521bf619dadd240448109cbe2463ac7c
    defaultValue: {fileID: 0}
  prefabGameObject: {fileID: 0}
  updateParticle: 1
  particleRandomSeed: 1409
  updateDirector: 1
  updateITimeControl: 1
  searchHierarchy: 1
  active: 1
  postPlayback: 2
--- !u!114 &114639993875689912
MonoBehaviour:
  m_ObjectHideFlags: 1
  m_PrefabParentObject: {fileID: 0}
  m_PrefabInternal: {fileID: 0}
  m_GameObject: {fileID: 0}
  m_Enabled: 1
  m_EditorHideFlags: 0
  m_Script: {fileID: -1670381969, guid: 6a10b2909283487f913b00d94cd3faf5, type: 3}
  m_Name: ControlPlayableAsset
  m_EditorClassIdentifier: 
  sourceGameObject:
    exposedName: b793031023557d34e91a6eb4ef0069ab
    defaultValue: {fileID: 0}
  prefabGameObject: {fileID: 0}
  updateParticle: 1
  particleRandomSeed: 7813
  updateDirector: 1
  updateITimeControl: 1
  searchHierarchy: 1
  active: 1
  postPlayback: 2
--- !u!114 &114670271240312828
MonoBehaviour:
  m_ObjectHideFlags: 1
  m_PrefabParentObject: {fileID: 0}
  m_PrefabInternal: {fileID: 0}
  m_GameObject: {fileID: 0}
  m_Enabled: 1
  m_EditorHideFlags: 0
  m_Script: {fileID: -1095772578, guid: 6a10b2909283487f913b00d94cd3faf5, type: 3}
  m_Name: C3
  m_EditorClassIdentifier: 
  m_Locked: 0
  m_Muted: 0
  m_CustomPlayableFullTypename: 
  m_AnimClip: {fileID: 0}
  m_Parent: {fileID: 11400000}
  m_Children: []
  m_Clips:
  - m_Start: 53.266666666666666
    m_ClipIn: 0
    m_Asset: {fileID: 114232690554674034}
    m_UnderlyingAsset: {fileID: 114232690554674034}
    m_Duration: 65.61666666666667
    m_TimeScale: 1
    m_ParentTrack: {fileID: 114670271240312828}
    m_EaseInDuration: 0
    m_EaseOutDuration: 0
    m_BlendInDuration: 0
    m_BlendOutDuration: 0
    m_MixInCurve:
      serializedVersion: 2
      m_Curve:
      - serializedVersion: 2
        time: 0
        value: 0
        inSlope: 0
        outSlope: 0
        tangentMode: 0
      - serializedVersion: 2
        time: 1
        value: 1
        inSlope: 0
        outSlope: 0
        tangentMode: 0
      m_PreInfinity: 2
      m_PostInfinity: 2
      m_RotationOrder: 4
    m_MixOutCurve:
      serializedVersion: 2
      m_Curve:
      - serializedVersion: 2
        time: 0
        value: 1
        inSlope: 0
        outSlope: 0
        tangentMode: 0
      - serializedVersion: 2
        time: 1
        value: 0
        inSlope: 0
        outSlope: 0
        tangentMode: 0
      m_PreInfinity: 2
      m_PostInfinity: 2
      m_RotationOrder: 4
    m_BlendInCurveMode: 0
    m_BlendOutCurveMode: 0
    m_ExposedParameterNames: []
    m_AnimationCurves: {fileID: 0}
    m_Recordable: 0
    m_PostExtrapolationMode: 0
    m_PreExtrapolationMode: 0
    m_PostExtrapolationTime: 0
    m_PreExtrapolationTime: 0
    m_DisplayName: ControlPlayableAsset
    m_Version: 1
--- !u!114 &114750562307082238
MonoBehaviour:
  m_ObjectHideFlags: 1
  m_PrefabParentObject: {fileID: 0}
  m_PrefabInternal: {fileID: 0}
  m_GameObject: {fileID: 0}
  m_Enabled: 1
  m_EditorHideFlags: 0
  m_Script: {fileID: -1095772578, guid: 6a10b2909283487f913b00d94cd3faf5, type: 3}
  m_Name: F2
  m_EditorClassIdentifier: 
  m_Locked: 0
  m_Muted: 0
  m_CustomPlayableFullTypename: 
  m_AnimClip: {fileID: 0}
  m_Parent: {fileID: 11400000}
  m_Children: []
  m_Clips:
  - m_Start: 0
    m_ClipIn: 0
    m_Asset: {fileID: 114830252861798506}
    m_UnderlyingAsset: {fileID: 114830252861798506}
    m_Duration: 59.166666666666664
    m_TimeScale: 1
    m_ParentTrack: {fileID: 114750562307082238}
    m_EaseInDuration: 0
    m_EaseOutDuration: 0
    m_BlendInDuration: 0
    m_BlendOutDuration: 0
    m_MixInCurve:
      serializedVersion: 2
      m_Curve:
      - serializedVersion: 2
        time: 0
        value: 0
        inSlope: 0
        outSlope: 0
        tangentMode: 0
      - serializedVersion: 2
        time: 1
        value: 1
        inSlope: 0
        outSlope: 0
        tangentMode: 0
      m_PreInfinity: 2
      m_PostInfinity: 2
      m_RotationOrder: 4
    m_MixOutCurve:
      serializedVersion: 2
      m_Curve:
      - serializedVersion: 2
        time: 0
        value: 1
        inSlope: 0
        outSlope: 0
        tangentMode: 0
      - serializedVersion: 2
        time: 1
        value: 0
        inSlope: 0
        outSlope: 0
        tangentMode: 0
      m_PreInfinity: 2
      m_PostInfinity: 2
      m_RotationOrder: 4
    m_BlendInCurveMode: 0
    m_BlendOutCurveMode: 0
    m_ExposedParameterNames: []
    m_AnimationCurves: {fileID: 0}
    m_Recordable: 0
    m_PostExtrapolationMode: 0
    m_PreExtrapolationMode: 0
    m_PostExtrapolationTime: 0
    m_PreExtrapolationTime: 0
    m_DisplayName: ControlPlayableAsset
    m_Version: 1
--- !u!114 &114788421663032152
MonoBehaviour:
  m_ObjectHideFlags: 1
  m_PrefabParentObject: {fileID: 0}
  m_PrefabInternal: {fileID: 0}
  m_GameObject: {fileID: 0}
  m_Enabled: 1
  m_EditorHideFlags: 0
  m_Script: {fileID: -1095772578, guid: 6a10b2909283487f913b00d94cd3faf5, type: 3}
  m_Name: F5
  m_EditorClassIdentifier: 
  m_Locked: 0
  m_Muted: 0
  m_CustomPlayableFullTypename: 
  m_AnimClip: {fileID: 0}
  m_Parent: {fileID: 11400000}
  m_Children: []
  m_Clips:
  - m_Start: 13.166666666666666
    m_ClipIn: 0
    m_Asset: {fileID: 114131570950228446}
    m_UnderlyingAsset: {fileID: 114131570950228446}
    m_Duration: 59.166666666666664
    m_TimeScale: 1
    m_ParentTrack: {fileID: 114788421663032152}
    m_EaseInDuration: 0
    m_EaseOutDuration: 0
    m_BlendInDuration: 0
    m_BlendOutDuration: 0
    m_MixInCurve:
      serializedVersion: 2
      m_Curve:
      - serializedVersion: 2
        time: 0
        value: 0
        inSlope: 0
        outSlope: 0
        tangentMode: 0
      - serializedVersion: 2
        time: 1
        value: 1
        inSlope: 0
        outSlope: 0
        tangentMode: 0
      m_PreInfinity: 2
      m_PostInfinity: 2
      m_RotationOrder: 4
    m_MixOutCurve:
      serializedVersion: 2
      m_Curve:
      - serializedVersion: 2
        time: 0
        value: 1
        inSlope: 0
        outSlope: 0
        tangentMode: 0
      - serializedVersion: 2
        time: 1
        value: 0
        inSlope: 0
        outSlope: 0
        tangentMode: 0
      m_PreInfinity: 2
      m_PostInfinity: 2
      m_RotationOrder: 4
    m_BlendInCurveMode: 0
    m_BlendOutCurveMode: 0
    m_ExposedParameterNames: []
    m_AnimationCurves: {fileID: 0}
    m_Recordable: 0
    m_PostExtrapolationMode: 0
    m_PreExtrapolationMode: 0
    m_PostExtrapolationTime: 0
    m_PreExtrapolationTime: 0
    m_DisplayName: ControlPlayableAsset
    m_Version: 1
--- !u!114 &114814991919964122
MonoBehaviour:
  m_ObjectHideFlags: 1
  m_PrefabParentObject: {fileID: 0}
  m_PrefabInternal: {fileID: 0}
  m_GameObject: {fileID: 0}
  m_Enabled: 1
  m_EditorHideFlags: 0
  m_Script: {fileID: -1095772578, guid: 6a10b2909283487f913b00d94cd3faf5, type: 3}
  m_Name: F1
  m_EditorClassIdentifier: 
  m_Locked: 0
  m_Muted: 0
  m_CustomPlayableFullTypename: 
  m_AnimClip: {fileID: 0}
  m_Parent: {fileID: 11400000}
  m_Children: []
  m_Clips:
  - m_Start: 0
    m_ClipIn: 0
    m_Asset: {fileID: 114304159489307364}
    m_UnderlyingAsset: {fileID: 114304159489307364}
    m_Duration: 59.166666666666664
    m_TimeScale: 1
    m_ParentTrack: {fileID: 114814991919964122}
    m_EaseInDuration: 0
    m_EaseOutDuration: 0
    m_BlendInDuration: 0
    m_BlendOutDuration: 0
    m_MixInCurve:
      serializedVersion: 2
      m_Curve:
      - serializedVersion: 2
        time: 0
        value: 0
        inSlope: 0
        outSlope: 0
        tangentMode: 0
      - serializedVersion: 2
        time: 1
        value: 1
        inSlope: 0
        outSlope: 0
        tangentMode: 0
      m_PreInfinity: 2
      m_PostInfinity: 2
      m_RotationOrder: 4
    m_MixOutCurve:
      serializedVersion: 2
      m_Curve:
      - serializedVersion: 2
        time: 0
        value: 1
        inSlope: 0
        outSlope: 0
        tangentMode: 0
      - serializedVersion: 2
        time: 1
        value: 0
        inSlope: 0
        outSlope: 0
        tangentMode: 0
      m_PreInfinity: 2
      m_PostInfinity: 2
      m_RotationOrder: 4
    m_BlendInCurveMode: 0
    m_BlendOutCurveMode: 0
    m_ExposedParameterNames: []
    m_AnimationCurves: {fileID: 0}
    m_Recordable: 0
    m_PostExtrapolationMode: 0
    m_PreExtrapolationMode: 0
    m_PostExtrapolationTime: 0
    m_PreExtrapolationTime: 0
    m_DisplayName: ControlPlayableAsset
    m_Version: 1
--- !u!114 &114830252861798506
MonoBehaviour:
  m_ObjectHideFlags: 1
  m_PrefabParentObject: {fileID: 0}
  m_PrefabInternal: {fileID: 0}
  m_GameObject: {fileID: 0}
  m_Enabled: 1
  m_EditorHideFlags: 0
  m_Script: {fileID: -1670381969, guid: 6a10b2909283487f913b00d94cd3faf5, type: 3}
  m_Name: ControlPlayableAsset
  m_EditorClassIdentifier: 
  sourceGameObject:
    exposedName: 944333fcfff31964db428699b7a5b17c
    defaultValue: {fileID: 0}
  prefabGameObject: {fileID: 0}
  updateParticle: 1
  particleRandomSeed: 6009
  updateDirector: 1
  updateITimeControl: 1
  searchHierarchy: 1
  active: 1
  postPlayback: 2
--- !u!114 &114848372909140322
MonoBehaviour:
  m_ObjectHideFlags: 1
  m_PrefabParentObject: {fileID: 0}
  m_PrefabInternal: {fileID: 0}
  m_GameObject: {fileID: 0}
  m_Enabled: 1
  m_EditorHideFlags: 0
  m_Script: {fileID: -1095772578, guid: 6a10b2909283487f913b00d94cd3faf5, type: 3}
  m_Name: Control Track
  m_EditorClassIdentifier: 
  m_Locked: 0
  m_Muted: 0
  m_CustomPlayableFullTypename: 
  m_AnimClip: {fileID: 0}
  m_Parent: {fileID: 11400000}
  m_Children: []
  m_Clips: []
--- !u!114 &114854053234110102
MonoBehaviour:
  m_ObjectHideFlags: 1
  m_PrefabParentObject: {fileID: 0}
  m_PrefabInternal: {fileID: 0}
  m_GameObject: {fileID: 0}
  m_Enabled: 1
  m_EditorHideFlags: 0
  m_Script: {fileID: -1095772578, guid: 6a10b2909283487f913b00d94cd3faf5, type: 3}
  m_Name: F9
  m_EditorClassIdentifier: 
  m_Locked: 0
  m_Muted: 0
  m_CustomPlayableFullTypename: 
  m_AnimClip: {fileID: 0}
  m_Parent: {fileID: 11400000}
  m_Children: []
  m_Clips:
  - m_Start: 85.93333333333334
    m_ClipIn: 0
    m_Asset: {fileID: 114198970038113282}
    m_UnderlyingAsset: {fileID: 114198970038113282}
    m_Duration: 53.266666666666666
    m_TimeScale: 1
    m_ParentTrack: {fileID: 114854053234110102}
    m_EaseInDuration: 0
    m_EaseOutDuration: 0
    m_BlendInDuration: 0
    m_BlendOutDuration: 0
    m_MixInCurve:
      serializedVersion: 2
      m_Curve:
      - serializedVersion: 2
        time: 0
        value: 0
        inSlope: 0
        outSlope: 0
        tangentMode: 0
      - serializedVersion: 2
        time: 1
        value: 1
        inSlope: 0
        outSlope: 0
        tangentMode: 0
      m_PreInfinity: 2
      m_PostInfinity: 2
      m_RotationOrder: 4
    m_MixOutCurve:
      serializedVersion: 2
      m_Curve:
      - serializedVersion: 2
        time: 0
        value: 1
        inSlope: 0
        outSlope: 0
        tangentMode: 0
      - serializedVersion: 2
        time: 1
        value: 0
        inSlope: 0
        outSlope: 0
        tangentMode: 0
      m_PreInfinity: 2
      m_PostInfinity: 2
      m_RotationOrder: 4
    m_BlendInCurveMode: 0
    m_BlendOutCurveMode: 0
    m_ExposedParameterNames: []
    m_AnimationCurves: {fileID: 0}
    m_Recordable: 0
    m_PostExtrapolationMode: 0
    m_PreExtrapolationMode: 0
    m_PostExtrapolationTime: 0
    m_PreExtrapolationTime: 0
    m_DisplayName: ControlPlayableAsset
    m_Version: 1
--- !u!114 &114884818333482242
MonoBehaviour:
  m_ObjectHideFlags: 1
  m_PrefabParentObject: {fileID: 0}
  m_PrefabInternal: {fileID: 0}
  m_GameObject: {fileID: 0}
  m_Enabled: 1
  m_EditorHideFlags: 0
  m_Script: {fileID: -1670381969, guid: 6a10b2909283487f913b00d94cd3faf5, type: 3}
  m_Name: ControlPlayableAsset
  m_EditorClassIdentifier: 
  sourceGameObject:
    exposedName: b980d14355bc1864796768d1c3a68bd8
    defaultValue: {fileID: 0}
  prefabGameObject: {fileID: 0}
  updateParticle: 1
  particleRandomSeed: 7578
  updateDirector: 1
  updateITimeControl: 1
  searchHierarchy: 1
  active: 1
  postPlayback: 2
--- !u!114 &114900873464414092
MonoBehaviour:
  m_ObjectHideFlags: 1
  m_PrefabParentObject: {fileID: 0}
  m_PrefabInternal: {fileID: 0}
  m_GameObject: {fileID: 0}
  m_Enabled: 1
  m_EditorHideFlags: 0
  m_Script: {fileID: -1095772578, guid: 6a10b2909283487f913b00d94cd3faf5, type: 3}
  m_Name: F4
  m_EditorClassIdentifier: 
  m_Locked: 0
  m_Muted: 0
  m_CustomPlayableFullTypename: 
  m_AnimClip: {fileID: 0}
  m_Parent: {fileID: 11400000}
  m_Children: []
  m_Clips:
  - m_Start: 12.466666666666663
    m_ClipIn: 0
    m_Asset: {fileID: 114591936842388620}
    m_UnderlyingAsset: {fileID: 114591936842388620}
    m_Duration: 59.86666666666667
    m_TimeScale: 1
    m_ParentTrack: {fileID: 114900873464414092}
    m_EaseInDuration: 0
    m_EaseOutDuration: 0
    m_BlendInDuration: 0
    m_BlendOutDuration: 0
    m_MixInCurve:
      serializedVersion: 2
      m_Curve:
      - serializedVersion: 2
        time: 0
        value: 0
        inSlope: 0
        outSlope: 0
        tangentMode: 0
      - serializedVersion: 2
        time: 1
        value: 1
        inSlope: 0
        outSlope: 0
        tangentMode: 0
      m_PreInfinity: 2
      m_PostInfinity: 2
      m_RotationOrder: 4
    m_MixOutCurve:
      serializedVersion: 2
      m_Curve:
      - serializedVersion: 2
        time: 0
        value: 1
        inSlope: 0
        outSlope: 0
        tangentMode: 0
      - serializedVersion: 2
        time: 1
        value: 0
        inSlope: 0
        outSlope: 0
        tangentMode: 0
      m_PreInfinity: 2
      m_PostInfinity: 2
      m_RotationOrder: 4
    m_BlendInCurveMode: 0
    m_BlendOutCurveMode: 0
    m_ExposedParameterNames: []
    m_AnimationCurves: {fileID: 0}
    m_Recordable: 0
    m_PostExtrapolationMode: 0
    m_PreExtrapolationMode: 0
    m_PostExtrapolationTime: 0
    m_PreExtrapolationTime: 0
    m_DisplayName: ControlPlayableAsset
    m_Version: 1
--- !u!114 &114956594385494830
MonoBehaviour:
  m_ObjectHideFlags: 1
  m_PrefabParentObject: {fileID: 0}
  m_PrefabInternal: {fileID: 0}
  m_GameObject: {fileID: 0}
  m_Enabled: 1
  m_EditorHideFlags: 0
  m_Script: {fileID: -1095772578, guid: 6a10b2909283487f913b00d94cd3faf5, type: 3}
  m_Name: C2
  m_EditorClassIdentifier: 
  m_Locked: 0
  m_Muted: 0
  m_CustomPlayableFullTypename: 
  m_AnimClip: {fileID: 0}
  m_Parent: {fileID: 11400000}
  m_Children: []
  m_Clips:
  - m_Start: 40.416666666666664
    m_ClipIn: 0
    m_Asset: {fileID: 114092585020436730}
    m_UnderlyingAsset: {fileID: 114092585020436730}
    m_Duration: 59.166666666666664
    m_TimeScale: 1
    m_ParentTrack: {fileID: 114956594385494830}
    m_EaseInDuration: 0
    m_EaseOutDuration: 0
    m_BlendInDuration: 0
    m_BlendOutDuration: 0
    m_MixInCurve:
      serializedVersion: 2
      m_Curve:
      - serializedVersion: 2
        time: 0
        value: 0
        inSlope: 0
        outSlope: 0
        tangentMode: 0
      - serializedVersion: 2
        time: 1
        value: 1
        inSlope: 0
        outSlope: 0
        tangentMode: 0
      m_PreInfinity: 2
      m_PostInfinity: 2
      m_RotationOrder: 4
    m_MixOutCurve:
      serializedVersion: 2
      m_Curve:
      - serializedVersion: 2
        time: 0
        value: 1
        inSlope: 0
        outSlope: 0
        tangentMode: 0
      - serializedVersion: 2
        time: 1
        value: 0
        inSlope: 0
        outSlope: 0
        tangentMode: 0
      m_PreInfinity: 2
      m_PostInfinity: 2
      m_RotationOrder: 4
    m_BlendInCurveMode: 0
    m_BlendOutCurveMode: 0
    m_ExposedParameterNames: []
    m_AnimationCurves: {fileID: 0}
    m_Recordable: 0
    m_PostExtrapolationMode: 0
    m_PreExtrapolationMode: 0
    m_PostExtrapolationTime: 0
    m_PreExtrapolationTime: 0
    m_DisplayName: ControlPlayableAsset
    m_Version: 1
--- !u!114 &114988876305027554
MonoBehaviour:
  m_ObjectHideFlags: 1
  m_PrefabParentObject: {fileID: 0}
  m_PrefabInternal: {fileID: 0}
  m_GameObject: {fileID: 0}
  m_Enabled: 1
  m_EditorHideFlags: 0
  m_Script: {fileID: -1095772578, guid: 6a10b2909283487f913b00d94cd3faf5, type: 3}
  m_Name: F8
  m_EditorClassIdentifier: 
  m_Locked: 0
  m_Muted: 0
  m_CustomPlayableFullTypename: 
  m_AnimClip: {fileID: 0}
  m_Parent: {fileID: 11400000}
  m_Children: []
  m_Clips:
  - m_Start: 29.733333333333334
    m_ClipIn: 29.733333333333334
    m_Asset: {fileID: 114483149651863140}
    m_UnderlyingAsset: {fileID: 114483149651863140}
    m_Duration: 59.16666666666667
    m_TimeScale: 1
    m_ParentTrack: {fileID: 114988876305027554}
    m_EaseInDuration: 0
    m_EaseOutDuration: 0
    m_BlendInDuration: 0
    m_BlendOutDuration: 0
    m_MixInCurve:
      serializedVersion: 2
      m_Curve:
      - serializedVersion: 2
        time: 0
        value: 0
        inSlope: 0
        outSlope: 0
        tangentMode: 0
      - serializedVersion: 2
        time: 1
        value: 1
        inSlope: 0
        outSlope: 0
        tangentMode: 0
      m_PreInfinity: 2
      m_PostInfinity: 2
      m_RotationOrder: 4
    m_MixOutCurve:
      serializedVersion: 2
      m_Curve:
      - serializedVersion: 2
        time: 0
        value: 1
        inSlope: 0
        outSlope: 0
        tangentMode: 0
      - serializedVersion: 2
        time: 1
        value: 0
        inSlope: 0
        outSlope: 0
        tangentMode: 0
      m_PreInfinity: 2
      m_PostInfinity: 2
      m_RotationOrder: 4
    m_BlendInCurveMode: 0
    m_BlendOutCurveMode: 0
    m_ExposedParameterNames: []
    m_AnimationCurves: {fileID: 0}
    m_Recordable: 0
    m_PostExtrapolationMode: 0
    m_PreExtrapolationMode: 0
    m_PostExtrapolationTime: 0
    m_PreExtrapolationTime: 0
    m_DisplayName: ControlPlayableAsset
    m_Version: 1
